@article{alnaes2015fenics,
  title     = {The FEniCS Project Version 1.5},
  journal   = {Archive of Numerical Software},
  volume    = {3},
  year      = {2015},
  month     = {12/2015},
  publisher = {Open Journal Systems, sponsored by the University of Heidelberg},
  author    = {Martin Sandve {Aln{\ae}s} and Blechta, Jan and Johan Elon {Hake} and Johansson, August and Kehlet, Benjamin and Logg, Anders and Richardson, Chris and Ring, Johannes and Marie E. {Rognes} and Garth N. {Wells}}
}

@misc{baratta2023dolfinx,
  author       = {Baratta, Igor A. and
                  Dean, Joseph P. and
                  Dokken, JÃ¸rgen S. and
                  Habera, Michal and
                  Hale, Jack S. and
                  Richardson, Chris N. and
                  Rognes, Marie E. and
                  Scroggs, Matthew W. and
                  Sime, Nathan and
                  Wells, Garth N.},
  title        = {{DOLFINx: The next generation FEniCS problem 
                   solving environment}},
  month        = dec,
  year         = 2023,
  publisher    = {Zenodo},
  doi          = {10.5281/zenodo.10447666},
  url          = {https://doi.org/10.5281/zenodo.10447666}
}