@article{Saitta2024,
  title={Implicit neural representations for unsupervised super-resolution and denoising of 4D flow MRI},
  author={Saitta, Simone and Carioni, Marcello and Mukherjee, Subhadip and Sch{\"o}nlieb, Carola-Bibiane and Redaelli, Alberto},
  journal={Computer Methods and Programs in Biomedicine},
  volume={246},
  pages={108057},
  year={2024},
  publisher={Elsevier},
  doi = {10.1016/J.CMPB.2024.108057},
}

@article{Hale1955,
  title={Velocity profiles of oscillating arterial flow, with some calculations of viscous drag and the Reynolds number},
  author={Hale, JF and McDonald, DA and Womersley, JR},
  journal={The Journal of Physiology},
  volume={128},
  number={3},
  pages={629--640},
  year={1955},
  publisher={Wiley},
  doi = {10.1113/jphysiol.1955.sp005330}
}


@book{Nocedal2006,
  title={Numerical Optimization},
  author={Nocedal, Jorge and Wright, Stephen J.},
  year={2006},
  publisher={Springer},
  edition={2nd},
  isbn={978-0-387-30303-1},
  doi = {https://doi.org/10.1007/978-0-387-40065-5},
}

@misc{Liu1989,
   author = {Dong C Liu and Jorge Nocedal},
   journal = {Mathematical Programming},
   keywords = {Large scale nonlinear optimization,conjugate gradient method,limited memory methods,partitioned quasi-Newton method},
   pages = {503-528},
   title = {On the limited-memory BFGS method for large scale optimization},
   volume = {45},
   year = {1989},
   doi = {10.1007/BF01589116},
}

@misc{Salman2021,
   author = {Huseyin Enes Salman and Huseyin Cagatay Yalcin},
   doi = {10.3390/JCDD8020014},
   issn = {23083425},
   issue = {2},
   journal = {Journal of Cardiovascular Development and Disease},
   keywords = {Biomechanics,Cardiogenesis,Chicken embryo,Computational fluid dynamics,Congenital heart defects,Embryonic development,Fluid–structure interac-tion,Human fetal heart,Mechanobiology,Zebrafish embryo},
   month = {2},
   pages = {1-27},
   publisher = {MDPI AG},
   title = {Computational modeling of blood flow hemodynamics for biomechanical investigation of cardiac development and disease},
   volume = {8},
   year = {2021},
}


@article{Timothy2016,
   author = {Timothy W. Secomb},
   doi = {10.1002/cphy.c150038},
   issn = {20404603},
   issue = {2},
   journal = {Comprehensive Physiology},
   month = {4},
   pages = {975-1003},
   pmid = {27065172},
   publisher = {Wiley-Blackwell Publishing Ltd},
   title = {Hemodynamics},
   volume = {6},
   year = {2016},
}

@article{Khnouf2019,
   author = {Ruba Khnouf and Dina Karasneh and Enas Abdulhay and Arwa Abdelhay and Weian Sheng and Z. Hugh Fan},
   doi = {10.1007/s10544-019-0426-5},
   issn = {15728781},
   issue = {4},
   journal = {Biomedical Microdevices},
   keywords = {Blood viscometer,Blood viscosity,Microfluidic device,Point of care diagnostics,Rheological model},
   month = {12},
   pmid = {31418067},
   publisher = {Springer New York LLC},
   title = {Microfluidics-based device for the measurement of blood viscosity and its modeling based on shear rate, temperature, and heparin concentration},
   volume = {21},
   year = {2019},
}

@inproceedings{Khalid2021,
   author = {A. K. Khalid and Z. S. Othman and C. T.M.N. M Shafee},
   doi = {10.1088/1742-6596/1988/1/012010},
   issn = {17426596},
   issue = {1},
   journal = {Journal of Physics: Conference Series},
   keywords = {Circulatory System,Fluid Dynamics,Navier Stokes,Pressure Gradient},
   month = {8},
   publisher = {IOP Publishing Ltd},
   title = {A review of mathematical modelling of blood flow in human circulatory system},
   volume = {1988},
   year = {2021},
}

@article{Dyverfeldt2015,
   author = {Petter Dyverfeldt and Malenka Bissell and Alex J. Barker and Ann F. Bolger and Carl Johan Carlhäll and Tino Ebbers and Christopher J. Francios and Alex Frydrychowicz and Julia Geiger and Daniel Giese and Michael D. Hope and Philip J. Kilner and Sebastian Kozerke and Saul Myerson and Stefan Neubauer and Oliver Wieben and Michael Markl},
   doi = {10.1186/s12968-015-0174-5},
   issn = {1532429X},
   issue = {1},
   journal = {Journal of Cardiovascular Magnetic Resonance},
   keywords = {4D Flow CMR,4D Flow MRI,Cardiovascular,Clinical,Flow quantification,Flow visualization,Hemodynamics,MR flow imaging,Phase-contrast magnetic resonance imaging,Recommendations},
   month = {8},
   pmid = {26257141},
   publisher = {BioMed Central Ltd.},
   title = {4D flow cardiovascular magnetic resonance consensus statement},
   volume = {17},
   year = {2015},
}

@article{Bologna2023,
   author = {Emanuela Bologna and Ettore Dinoto and Francesco Di Simone and Felice Pecoraro and Sara Ragusa and Katia Siciliano and Massimiliano Zingales},
   doi = {10.3390/app13095712},
   issn = {20763417},
   issue = {9},
   journal = {Applied Sciences (Switzerland)},
   keywords = {Computational Fluid Dynamics,finite element analysis,patient specific,stent-graft},
   month = {5},
   publisher = {MDPI},
   title = {Computational Fluid Dynamics (CFD) and Finite Element Analysis (FEM) of a Customized Stent-Graft for Endovascular (EVAR) Treatment of Abdominal Aortic Aneurism (AAA)},
   volume = {13},
   year = {2023},
}

@article{Koltuklouglu2018,
   author = {Taha S. Koltukluoǧlu and Pablo J. Blanco},
   doi = {10.1017/jfm.2018.329},
   issn = {14697645},
   journal = {Journal of Fluid Mechanics},
   keywords = {blood flow,control theory,variational methods},
   month = {7},
   pages = {329-364},
   publisher = {Cambridge University Press},
   title = {Boundary control in computational haemodynamics},
   volume = {847},
   year = {2018},
}


@article{Tiago2017,
   author = {J. Tiago and T. Guerra and A. Sequeira},
   doi = {10.1002/cnm.2856},
   issn = {20407947},
   issue = {10},
   journal = {International Journal for Numerical Methods in Biomedical Engineering},
   keywords = {blood flow,boundary control,data assimilation,sequential quadratic programming},
   month = {10},
   pmid = {27883273},
   publisher = {Wiley-Blackwell},
   title = {A velocity tracking approach for the data assimilation problem in blood flow simulations},
   volume = {33},
   year = {2017},
}


@article{Delia2012,
   author = {Marta D'Elia and Mauro Perego and Alessandro Veneziani},
   doi = {10.1007/s10915-011-9547-6},
   issn = {08857474},
   issue = {2},
   journal = {Journal of Scientific Computing},
   keywords = {Computational fluid dynamics,Data assimilation,Hemodynamics,Inverse problems,Optimization},
   month = {8},
   pages = {340-359},
   title = {A variational data assimilation procedure for the incompressible navier-stokes equations in hemodynamics},
   volume = {52},
   year = {2012},
}

@article{Delia2013,
   author = {Marta D'Elia and Alessandro Veneziani},
   doi = {10.1051/m2an/2012056},
   issn = {28047214},
   issue = {4},
   journal = {ESAIM: Mathematical Modelling and Numerical Analysis},
   keywords = {Computational fluid dynamics,Data assimilation,Hemodynamics,Optimization,Statistical inverse problems,Uncertainty quantification},
   month = {7},
   pages = {1037-1057},
   publisher = {EDP Sciences},
   title = {Uncertainty quantification for data assimilation in a steady incompressible Navier-Stokes problem},
   volume = {47},
   year = {2013},
}

@article{Funke2019,
   author = {Simon Wolfgang Funke and Magne Nordaas and Øyvind Evju and Martin Sandve Alnæs and Kent Andre Mardal},
   doi = {10.1002/cnm.3152},
   issn = {20407947},
   issue = {1},
   journal = {International Journal for Numerical Methods in Biomedical Engineering},
   keywords = {Navier-Stokes,adjoint equations,blood flow,finite element method,optimal control,variational data assimilation},
   month = {1},
   pmid = {30198152},
   publisher = {Wiley-Blackwell},
   title = {Variational data assimilation for transient blood flow simulations: Cerebral aneurysms as an illustrative example},
   volume = {35},
   year = {2019},
}

@article{Sjsten2018FiniteEA,
  title={Finite Element Approximations of 2D Incompressible Navier-Stokes Equations Using Residual Viscosity},
  author={William Sj{\"o}sten and Victor Vadling},
  year={2018},
  url={https://api.semanticscholar.org/CorpusID:51990217}
}

@article{Dokken2020,
   author = {Jørgen S. Dokken and August Johansson and André Massing and Simon W. Funke},
   doi = {10.1016/j.cma.2020.113129},
   issn = {00457825},
   journal = {Computer Methods in Applied Mechanics and Engineering},
   keywords = {Incremental pressure-correction scheme,Multimesh finite element method,Navier–Stokes equations,Nitsche's method,Projection method},
   month = {8},
   publisher = {Elsevier B.V.},
   title = {A multimesh finite element method for the Navier–Stokes equations based on projection methods},
   volume = {368},
   year = {2020},
}

@article{Mitusch2019,
   author = {Sebastian Mitusch and Simon Funke and Jørgen Dokken},
   doi = {10.21105/joss.01292},
   issue = {38},
   journal = {Journal of Open Source Software},
   month = {6},
   pages = {1292},
   publisher = {The Open Journal},
   title = {dolfin-adjoint 2018.1: automated adjoints for FEniCS and Firedrake},
   volume = {4},
   year = {2019},
}

@misc{Lattanzi2020,
   author = {Simona Lattanzi},
   doi = {10.1111/joim.13060},
   issn = {13652796},
   issue = {3},
   journal = {Journal of Internal Medicine},
   month = {9},
   pages = {376-378},
   pmid = {32301175},
   publisher = {Blackwell Publishing Ltd},
   title = {Abdominal aortic aneurysms: pathophysiology and clinical issues},
   volume = {288},
   year = {2020},
}

@article{Withers2024,
   author = {Tom M. Withers and Colin J. Greaves and Matt J. Bown and Athanasios Saratzis},
   doi = {10.1186/s40814-024-01445-z},
   issn = {20555784},
   issue = {1},
   journal = {Pilot and Feasibility Studies},
   keywords = {Abdominal aortic aneurysm,Intervention development,Intervention mapping},
   month = {12},
   publisher = {BioMed Central Ltd},
   title = {Improving cardiovascular health in patients with an abdominal aortic aneurysm: development of the cardiovascular risk reduction in patients with aneurysms (CRISP) behaviour change intervention},
   volume = {10},
   year = {2024},
}

@article{alnaes2015fenics,
  title     = {The FEniCS Project Version 1.5},
  journal   = {Archive of Numerical Software},
  volume    = {3},
  year      = {2015},
  month     = {12/2015},
  publisher = {Open Journal Systems, sponsored by the University of Heidelberg},
  author    = {Martin Sandve {Aln{\ae}s} and Blechta, Jan and Johan Elon {Hake} and Johansson, August and Kehlet, Benjamin and Logg, Anders and Richardson, Chris and Ring, Johannes and Marie E. {Rognes} and Garth N. {Wells}},
  doi = {10.11588/ANS.2015.100.20553},
}

@misc{baratta2023dolfinx,
  author       = {Baratta, Igor A. and
                  Dean, Joseph P. and
                  Dokken, Jørgen S. and
                  Habera, Michal and
                  Hale, Jack S. and
                  Richardson, Chris N. and
                  Rognes, Marie E. and
                  Scroggs, Matthew W. and
                  Sime, Nathan and
                  Wells, Garth N.},
  title        = {{DOLFINx: The next generation FEniCS problem 
                   solving environment}},
  month        = dec,
  year         = 2023,
  publisher    = {Zenodo},
  doi          = {10.5281/zenodo.10447666},
  url          = {https://doi.org/10.5281/zenodo.10447666}
}

@article{Pozzi2021,
	author = {Pozzi, Silvia and Domanin, Maurizio and Forzenigo, Laura and Votta, Emiliano and Zunino, Paolo and Redaelli, Alberto and Vergara, Christian},
	title = {A surrogate model for plaque modeling in carotids based on Robin conditions calibrated by cine MRI data},
	year = {2021},
	journal = {International Journal for Numerical Methods in Biomedical Engineering},
	volume = {37},
	number = {5},
	doi = {10.1002/cnm.3447},
	url = {https://www.scopus.com/inward/record.uri?eid=2-s2.0-85101747829&doi=10.1002%2fcnm.3447&partnerID=40&md5=9354f6a788248f5999e385072c274c73},
	type = {Article},
	publication_stage = {Final},
	source = {Scopus},
	note = {Cited by: 8}
}

@article{Guzzardi2015892,
	author = {Guzzardi, David G. and Barker, Alex J. and Van Ooij, Pim and Malaisrie, S. Chris and Puthumana, Jyothy J. and Belke, Darrell D. and Mewhort, Holly E.M. and Svystonyuk, Daniyil A. and Kang, Sean and Verma, Subodh and Collins, Jeremy and Carr, James and Bonow, Robert O. and Markl, Michael and Thomas, James D. and Mccarthy, Patrick M. and Fedak, Paul W.M.},
	title = {Valve-Related Hemodynamics Mediate Human Bicuspid Aortopathy: Insights From Wall Shear Stress Mapping},
	year = {2015},
	journal = {Journal of the American College of Cardiology},
	volume = {66},
	number = {8},
	pages = {892 – 900},
	doi = {10.1016/j.jacc.2015.06.1310},
	url = {https://www.scopus.com/inward/record.uri?eid=2-s2.0-84939485996&doi=10.1016%2fj.jacc.2015.06.1310&partnerID=40&md5=fb7993e7f5ab08ace4ac409a69d309d5},
	type = {Article},
	publication_stage = {Final},
	source = {Scopus},
	note = {Cited by: 356; All Open Access, Bronze Open Access}
}

@article{Bappoo2021e013160,
	author = {Bappoo, Nikhilesh and Syed, Maaz B.J. and Khinsoe, Georgia and Kelsey, Lachlan J. and Forsythe, Rachael O. and Powell, Janet T. and Hoskins, Peter R. and McBride, Olivia M.B. and Norman, Paul E. and Jansen, Shirley and Newby, David E. and Doyle, Barry J.},
	title = {Low Shear Stress at Baseline Predicts Expansion and Aneurysm-Related Events in Patients With Abdominal Aortic Aneurysm},
	year = {2021},
	journal = {Circulation: Cardiovascular Imaging},
	volume = {14},
	number = {12},
	pages = {e013160},
	doi = {10.1161/CIRCIMAGING.121.013160},
	url = {https://www.scopus.com/inward/record.uri?eid=2-s2.0-85122903899&doi=10.1161%2fCIRCIMAGING.121.013160&partnerID=40&md5=030cc3d35d356dae7a8ac11b414f44a7},
	type = {Article},
	publication_stage = {Final},
	source = {Scopus},
	note = {Cited by: 15; All Open Access, Bronze Open Access}
}